%YAML 1.1
%TAG !u! tag:unity3d.com,2011:
--- !u!29 &1
OcclusionCullingSettings:
  m_ObjectHideFlags: 0
  serializedVersion: 2
  m_OcclusionBakeSettings:
    smallestOccluder: 5
    smallestHole: 0.25
    backfaceThreshold: 100
  m_SceneGUID: 00000000000000000000000000000000
  m_OcclusionCullingData: {fileID: 0}
--- !u!104 &2
RenderSettings:
  m_ObjectHideFlags: 0
  serializedVersion: 9
  m_Fog: 0
  m_FogColor: {r: 0.5, g: 0.5, b: 0.5, a: 1}
  m_FogMode: 3
  m_FogDensity: 0.01
  m_LinearFogStart: 0
  m_LinearFogEnd: 300
  m_AmbientSkyColor: {r: 0.212, g: 0.227, b: 0.259, a: 1}
  m_AmbientEquatorColor: {r: 0.114, g: 0.125, b: 0.133, a: 1}
  m_AmbientGroundColor: {r: 0.047, g: 0.043, b: 0.035, a: 1}
  m_AmbientIntensity: 1
  m_AmbientMode: 3
  m_SubtractiveShadowColor: {r: 0.42, g: 0.478, b: 0.627, a: 1}
  m_SkyboxMaterial: {fileID: 0}
  m_HaloStrength: 0.5
  m_FlareStrength: 1
  m_FlareFadeSpeed: 3
  m_HaloTexture: {fileID: 0}
  m_SpotCookie: {fileID: 10001, guid: 0000000000000000e000000000000000, type: 0}
  m_DefaultReflectionMode: 0
  m_DefaultReflectionResolution: 128
  m_ReflectionBounces: 1
  m_ReflectionIntensity: 1
  m_CustomReflection: {fileID: 0}
  m_Sun: {fileID: 0}
  m_IndirectSpecularColor: {r: 0, g: 0, b: 0, a: 1}
  m_UseRadianceAmbientProbe: 0
--- !u!157 &3
LightmapSettings:
  m_ObjectHideFlags: 0
  serializedVersion: 12
  m_GIWorkflowMode: 1
  m_GISettings:
    serializedVersion: 2
    m_BounceScale: 1
    m_IndirectOutputScale: 1
    m_AlbedoBoost: 1
    m_EnvironmentLightingMode: 0
    m_EnableBakedLightmaps: 0
    m_EnableRealtimeLightmaps: 0
  m_LightmapEditorSettings:
    serializedVersion: 12
    m_Resolution: 2
    m_BakeResolution: 40
    m_AtlasSize: 1024
    m_AO: 0
    m_AOMaxDistance: 1
    m_CompAOExponent: 1
    m_CompAOExponentDirect: 0
    m_ExtractAmbientOcclusion: 0
    m_Padding: 2
    m_LightmapParameters: {fileID: 0}
    m_LightmapsBakeMode: 1
    m_TextureCompression: 1
    m_FinalGather: 0
    m_FinalGatherFiltering: 1
    m_FinalGatherRayCount: 256
    m_ReflectionCompression: 2
    m_MixedBakeMode: 2
    m_BakeBackend: 0
    m_PVRSampling: 1
    m_PVRDirectSampleCount: 32
    m_PVRSampleCount: 500
    m_PVRBounces: 2
    m_PVREnvironmentSampleCount: 500
    m_PVREnvironmentReferencePointCount: 2048
    m_PVRFilteringMode: 2
    m_PVRDenoiserTypeDirect: 0
    m_PVRDenoiserTypeIndirect: 0
    m_PVRDenoiserTypeAO: 0
    m_PVRFilterTypeDirect: 0
    m_PVRFilterTypeIndirect: 0
    m_PVRFilterTypeAO: 0
    m_PVREnvironmentMIS: 0
    m_PVRCulling: 1
    m_PVRFilteringGaussRadiusDirect: 1
    m_PVRFilteringGaussRadiusIndirect: 5
    m_PVRFilteringGaussRadiusAO: 2
    m_PVRFilteringAtrousPositionSigmaDirect: 0.5
    m_PVRFilteringAtrousPositionSigmaIndirect: 2
    m_PVRFilteringAtrousPositionSigmaAO: 1
    m_ExportTrainingData: 0
    m_TrainingDataDestination: TrainingData
    m_LightProbeSampleCountMultiplier: 4
  m_LightingDataAsset: {fileID: 0}
  m_LightingSettings: {fileID: 0}
--- !u!196 &4
NavMeshSettings:
  serializedVersion: 2
  m_ObjectHideFlags: 0
  m_BuildSettings:
    serializedVersion: 2
    agentTypeID: 0
    agentRadius: 0.5
    agentHeight: 2
    agentSlope: 45
    agentClimb: 0.4
    ledgeDropHeight: 0
    maxJumpAcrossDistance: 0
    minRegionArea: 2
    manualCellSize: 0
    cellSize: 0.16666667
    manualTileSize: 0
    tileSize: 256
    accuratePlacement: 0
    maxJobWorkers: 0
    preserveTilesOutsideBounds: 0
    debug:
      m_Flags: 0
  m_NavMeshData: {fileID: 0}
--- !u!4 &494922034 stripped
Transform:
  m_CorrespondingSourceObject: {fileID: 5375632780603606619, guid: 860ee14e3bc9995418f258e7421b29d5, type: 3}
  m_PrefabInstance: {fileID: 5375632780622514560}
  m_PrefabAsset: {fileID: 0}
--- !u!1001 &644019671
PrefabInstance:
  m_ObjectHideFlags: 0
  serializedVersion: 2
  m_Modification:
    m_TransformParent: {fileID: 1235168832}
    m_Modifications:
    - target: {fileID: 2008268864702209313, guid: 860ee14e3bc9995418f258e7421b29d5, type: 3}
      propertyPath: m_SpriteTilingProperty.oldSize.x
      value: 0.32
      objectReference: {fileID: 0}
    - target: {fileID: 2008268864702209313, guid: 860ee14e3bc9995418f258e7421b29d5, type: 3}
      propertyPath: m_SpriteTilingProperty.oldSize.y
      value: 0.32
      objectReference: {fileID: 0}
    - target: {fileID: 2008268864702209313, guid: 860ee14e3bc9995418f258e7421b29d5, type: 3}
      propertyPath: m_SpriteTilingProperty.newSize.x
      value: 1
      objectReference: {fileID: 0}
    - target: {fileID: 2008268864702209313, guid: 860ee14e3bc9995418f258e7421b29d5, type: 3}
      propertyPath: m_SpriteTilingProperty.newSize.y
      value: 1
      objectReference: {fileID: 0}
    - target: {fileID: 2008268864702209313, guid: 860ee14e3bc9995418f258e7421b29d5, type: 3}
      propertyPath: m_SpriteTilingProperty.drawMode
      value: 2
      objectReference: {fileID: 0}
    - target: {fileID: 2008268864702209313, guid: 860ee14e3bc9995418f258e7421b29d5, type: 3}
      propertyPath: m_SpriteTilingProperty.adaptiveTiling
      value: 1
      objectReference: {fileID: 0}
    - target: {fileID: 5375632780603606617, guid: 860ee14e3bc9995418f258e7421b29d5, type: 3}
      propertyPath: m_Name
      value: TestPlatform (2)
      objectReference: {fileID: 0}
    - target: {fileID: 5375632780603606617, guid: 860ee14e3bc9995418f258e7421b29d5, type: 3}
      propertyPath: m_StaticEditorFlags
      value: 4294967295
      objectReference: {fileID: 0}
    - target: {fileID: 5375632780603606617, guid: 860ee14e3bc9995418f258e7421b29d5, type: 3}
      propertyPath: m_Layer
      value: 9
      objectReference: {fileID: 0}
    - target: {fileID: 5375632780603606618, guid: 860ee14e3bc9995418f258e7421b29d5, type: 3}
      propertyPath: m_Color.r
      value: 1
      objectReference: {fileID: 0}
    - target: {fileID: 5375632780603606618, guid: 860ee14e3bc9995418f258e7421b29d5, type: 3}
      propertyPath: m_Color.g
      value: 1
      objectReference: {fileID: 0}
    - target: {fileID: 5375632780603606618, guid: 860ee14e3bc9995418f258e7421b29d5, type: 3}
      propertyPath: m_Color.b
      value: 1
      objectReference: {fileID: 0}
    - target: {fileID: 5375632780603606618, guid: 860ee14e3bc9995418f258e7421b29d5, type: 3}
      propertyPath: m_Materials.Array.data[0]
      value: 
      objectReference: {fileID: 2100000, guid: a97c105638bdf8b4a8650670310a4cd3, type: 2}
    - target: {fileID: 5375632780603606618, guid: 860ee14e3bc9995418f258e7421b29d5, type: 3}
      propertyPath: m_Sprite
      value: 
      objectReference: {fileID: 21300000, guid: 15300d8188a228a48910f93060f562fb, type: 3}
    - target: {fileID: 5375632780603606618, guid: 860ee14e3bc9995418f258e7421b29d5, type: 3}
      propertyPath: m_DrawMode
      value: 2
      objectReference: {fileID: 0}
    - target: {fileID: 5375632780603606618, guid: 860ee14e3bc9995418f258e7421b29d5, type: 3}
      propertyPath: m_FlipX
      value: 0
      objectReference: {fileID: 0}
    - target: {fileID: 5375632780603606618, guid: 860ee14e3bc9995418f258e7421b29d5, type: 3}
      propertyPath: m_Size.x
      value: 1
      objectReference: {fileID: 0}
    - target: {fileID: 5375632780603606618, guid: 860ee14e3bc9995418f258e7421b29d5, type: 3}
      propertyPath: m_Size.y
      value: 1
      objectReference: {fileID: 0}
    - target: {fileID: 5375632780603606618, guid: 860ee14e3bc9995418f258e7421b29d5, type: 3}
      propertyPath: m_SpriteTileMode
      value: 1
      objectReference: {fileID: 0}
    - target: {fileID: 5375632780603606619, guid: 860ee14e3bc9995418f258e7421b29d5, type: 3}
      propertyPath: m_LocalPosition.x
      value: 4.4507403
      objectReference: {fileID: 0}
    - target: {fileID: 5375632780603606619, guid: 860ee14e3bc9995418f258e7421b29d5, type: 3}
      propertyPath: m_LocalPosition.y
      value: 0
      objectReference: {fileID: 0}
    - target: {fileID: 5375632780603606619, guid: 860ee14e3bc9995418f258e7421b29d5, type: 3}
      propertyPath: m_LocalPosition.z
      value: 2.071376
      objectReference: {fileID: 0}
    - target: {fileID: 5375632780603606619, guid: 860ee14e3bc9995418f258e7421b29d5, type: 3}
      propertyPath: m_LocalRotation.x
      value: -0
      objectReference: {fileID: 0}
    - target: {fileID: 5375632780603606619, guid: 860ee14e3bc9995418f258e7421b29d5, type: 3}
      propertyPath: m_LocalRotation.y
      value: -0
      objectReference: {fileID: 0}
    - target: {fileID: 5375632780603606619, guid: 860ee14e3bc9995418f258e7421b29d5, type: 3}
      propertyPath: m_LocalRotation.z
      value: -0
      objectReference: {fileID: 0}
    - target: {fileID: 5375632780603606619, guid: 860ee14e3bc9995418f258e7421b29d5, type: 3}
      propertyPath: m_LocalRotation.w
      value: 1
      objectReference: {fileID: 0}
    - target: {fileID: 5375632780603606619, guid: 860ee14e3bc9995418f258e7421b29d5, type: 3}
      propertyPath: m_RootOrder
      value: 2
      objectReference: {fileID: 0}
    - target: {fileID: 5375632780603606619, guid: 860ee14e3bc9995418f258e7421b29d5, type: 3}
      propertyPath: m_LocalEulerAnglesHint.x
      value: 0
      objectReference: {fileID: 0}
    - target: {fileID: 5375632780603606619, guid: 860ee14e3bc9995418f258e7421b29d5, type: 3}
      propertyPath: m_LocalEulerAnglesHint.y
      value: 0
      objectReference: {fileID: 0}
    - target: {fileID: 5375632780603606619, guid: 860ee14e3bc9995418f258e7421b29d5, type: 3}
      propertyPath: m_LocalEulerAnglesHint.z
      value: 0
      objectReference: {fileID: 0}
    - target: {fileID: 5375632780603606619, guid: 860ee14e3bc9995418f258e7421b29d5, type: 3}
      propertyPath: m_LocalScale.x
      value: 1
      objectReference: {fileID: 0}
    - target: {fileID: 5375632780603606619, guid: 860ee14e3bc9995418f258e7421b29d5, type: 3}
      propertyPath: m_LocalScale.y
      value: 1
      objectReference: {fileID: 0}
    m_RemovedComponents: []
  m_SourcePrefab: {fileID: 100100000, guid: 860ee14e3bc9995418f258e7421b29d5, type: 3}
--- !u!4 &644019672 stripped
Transform:
  m_CorrespondingSourceObject: {fileID: 5375632780603606619, guid: 860ee14e3bc9995418f258e7421b29d5, type: 3}
  m_PrefabInstance: {fileID: 644019671}
  m_PrefabAsset: {fileID: 0}
--- !u!1 &753392731
GameObject:
  m_ObjectHideFlags: 0
  m_CorrespondingSourceObject: {fileID: 0}
  m_PrefabInstance: {fileID: 0}
  m_PrefabAsset: {fileID: 0}
  serializedVersion: 6
  m_Component:
  - component: {fileID: 753392733}
  - component: {fileID: 753392732}
  m_Layer: 0
  m_Name: InputManager
  m_TagString: Untagged
  m_Icon: {fileID: 0}
  m_NavMeshLayer: 0
  m_StaticEditorFlags: 0
  m_IsActive: 1
--- !u!114 &753392732
MonoBehaviour:
  m_ObjectHideFlags: 0
  m_CorrespondingSourceObject: {fileID: 0}
  m_PrefabInstance: {fileID: 0}
  m_PrefabAsset: {fileID: 0}
  m_GameObject: {fileID: 753392731}
  m_Enabled: 1
  m_EditorHideFlags: 0
  m_Script: {fileID: 11500000, guid: e7c447ec4d7b16241bf0f8675321bd69, type: 3}
  m_Name: 
  m_EditorClassIdentifier: 
  keyBindings: {fileID: 11400000, guid: c7c3fff48f8672245aa15e8e11ebb4e5, type: 2}
--- !u!4 &753392733
Transform:
  m_ObjectHideFlags: 0
  m_CorrespondingSourceObject: {fileID: 0}
  m_PrefabInstance: {fileID: 0}
  m_PrefabAsset: {fileID: 0}
  m_GameObject: {fileID: 753392731}
  m_LocalRotation: {x: 0, y: 0, z: 0, w: 1}
  m_LocalPosition: {x: -1.8379302, y: -1.7573695, z: -2.5798116}
  m_LocalScale: {x: 1, y: 1, z: 1}
  m_Children: []
  m_Father: {fileID: 0}
  m_RootOrder: 2
  m_LocalEulerAnglesHint: {x: 0, y: 0, z: 0}
--- !u!1 &1235168831
GameObject:
  m_ObjectHideFlags: 0
  m_CorrespondingSourceObject: {fileID: 0}
  m_PrefabInstance: {fileID: 0}
  m_PrefabAsset: {fileID: 0}
  serializedVersion: 6
  m_Component:
  - component: {fileID: 1235168832}
  m_Layer: 9
  m_Name: Map
  m_TagString: Untagged
  m_Icon: {fileID: 0}
  m_NavMeshLayer: 0
  m_StaticEditorFlags: 4294967295
  m_IsActive: 1
--- !u!4 &1235168832
Transform:
  m_ObjectHideFlags: 0
  m_CorrespondingSourceObject: {fileID: 0}
  m_PrefabInstance: {fileID: 0}
  m_PrefabAsset: {fileID: 0}
  m_GameObject: {fileID: 1235168831}
  m_LocalRotation: {x: 0, y: 0, z: 0, w: 1}
  m_LocalPosition: {x: -2.4507403, y: -2.5802867, z: -2.071376}
  m_LocalScale: {x: 1, y: 1, z: 1}
  m_Children:
  - {fileID: 494922034}
  - {fileID: 1812119653}
  - {fileID: 644019672}
  - {fileID: 2022065342}
  m_Father: {fileID: 0}
  m_RootOrder: 3
  m_LocalEulerAnglesHint: {x: 0, y: 0, z: 0}
--- !u!1 &1251494288
GameObject:
  m_ObjectHideFlags: 0
  m_CorrespondingSourceObject: {fileID: 0}
  m_PrefabInstance: {fileID: 0}
  m_PrefabAsset: {fileID: 0}
  serializedVersion: 6
  m_Component:
  - component: {fileID: 1251494290}
  - component: {fileID: 1251494289}
  m_Layer: 0
  m_Name: door
  m_TagString: Untagged
  m_Icon: {fileID: 0}
  m_NavMeshLayer: 0
  m_StaticEditorFlags: 0
  m_IsActive: 1
--- !u!212 &1251494289
SpriteRenderer:
  m_ObjectHideFlags: 0
  m_CorrespondingSourceObject: {fileID: 0}
  m_PrefabInstance: {fileID: 0}
  m_PrefabAsset: {fileID: 0}
  m_GameObject: {fileID: 1251494288}
  m_Enabled: 1
  m_CastShadows: 0
  m_ReceiveShadows: 0
  m_DynamicOccludee: 1
  m_MotionVectors: 1
  m_LightProbeUsage: 1
  m_ReflectionProbeUsage: 1
  m_RayTracingMode: 0
  m_RayTraceProcedural: 0
  m_RenderingLayerMask: 1
  m_RendererPriority: 0
  m_Materials:
  - {fileID: 2100000, guid: a97c105638bdf8b4a8650670310a4cd3, type: 2}
  m_StaticBatchInfo:
    firstSubMesh: 0
    subMeshCount: 0
  m_StaticBatchRoot: {fileID: 0}
  m_ProbeAnchor: {fileID: 0}
  m_LightProbeVolumeOverride: {fileID: 0}
  m_ScaleInLightmap: 1
  m_ReceiveGI: 1
  m_PreserveUVs: 0
  m_IgnoreNormalsForChartDetection: 0
  m_ImportantGI: 0
  m_StitchLightmapSeams: 1
  m_SelectedEditorRenderState: 0
  m_MinimumChartSize: 4
  m_AutoUVMaxDistance: 0.5
  m_AutoUVMaxAngle: 89
  m_LightmapParameters: {fileID: 0}
  m_SortingLayerID: 0
  m_SortingLayer: 0
  m_SortingOrder: 0
  m_Sprite: {fileID: 21300000, guid: 567dac6746a5c0a4bb726cb480c56e75, type: 3}
  m_Color: {r: 1, g: 1, b: 1, a: 1}
  m_FlipX: 0
  m_FlipY: 0
  m_DrawMode: 0
  m_Size: {x: 0.32, y: 0.32}
  m_AdaptiveModeThreshold: 0.5
  m_SpriteTileMode: 0
  m_WasSpriteAssigned: 1
  m_MaskInteraction: 0
  m_SpriteSortPoint: 0
--- !u!4 &1251494290
Transform:
  m_ObjectHideFlags: 0
  m_CorrespondingSourceObject: {fileID: 0}
  m_PrefabInstance: {fileID: 0}
  m_PrefabAsset: {fileID: 0}
  m_GameObject: {fileID: 1251494288}
  m_LocalRotation: {x: 0, y: 0, z: 0, w: 1}
  m_LocalPosition: {x: 1.105, y: -1.92, z: 0}
  m_LocalScale: {x: 1, y: 1, z: 1}
  m_Children: []
  m_Father: {fileID: 0}
  m_RootOrder: 4
  m_LocalEulerAnglesHint: {x: 0, y: 0, z: 0}
--- !u!1001 &1812119652
PrefabInstance:
  m_ObjectHideFlags: 0
  serializedVersion: 2
  m_Modification:
    m_TransformParent: {fileID: 1235168832}
    m_Modifications:
    - target: {fileID: 2008268864702209313, guid: 860ee14e3bc9995418f258e7421b29d5, type: 3}
      propertyPath: m_SpriteTilingProperty.oldSize.x
      value: 0.32
      objectReference: {fileID: 0}
    - target: {fileID: 2008268864702209313, guid: 860ee14e3bc9995418f258e7421b29d5, type: 3}
      propertyPath: m_SpriteTilingProperty.oldSize.y
      value: 0.32
      objectReference: {fileID: 0}
    - target: {fileID: 2008268864702209313, guid: 860ee14e3bc9995418f258e7421b29d5, type: 3}
      propertyPath: m_SpriteTilingProperty.newSize.x
      value: 1
      objectReference: {fileID: 0}
    - target: {fileID: 2008268864702209313, guid: 860ee14e3bc9995418f258e7421b29d5, type: 3}
      propertyPath: m_SpriteTilingProperty.newSize.y
      value: 1
      objectReference: {fileID: 0}
    - target: {fileID: 2008268864702209313, guid: 860ee14e3bc9995418f258e7421b29d5, type: 3}
      propertyPath: m_SpriteTilingProperty.drawMode
      value: 2
      objectReference: {fileID: 0}
    - target: {fileID: 2008268864702209313, guid: 860ee14e3bc9995418f258e7421b29d5, type: 3}
      propertyPath: m_SpriteTilingProperty.adaptiveTiling
      value: 1
      objectReference: {fileID: 0}
    - target: {fileID: 5375632780603606617, guid: 860ee14e3bc9995418f258e7421b29d5, type: 3}
      propertyPath: m_Name
      value: TestPlatform (1)
      objectReference: {fileID: 0}
    - target: {fileID: 5375632780603606617, guid: 860ee14e3bc9995418f258e7421b29d5, type: 3}
      propertyPath: m_StaticEditorFlags
      value: 4294967295
      objectReference: {fileID: 0}
    - target: {fileID: 5375632780603606617, guid: 860ee14e3bc9995418f258e7421b29d5, type: 3}
      propertyPath: m_Layer
      value: 9
      objectReference: {fileID: 0}
    - target: {fileID: 5375632780603606618, guid: 860ee14e3bc9995418f258e7421b29d5, type: 3}
      propertyPath: m_Color.r
      value: 1
      objectReference: {fileID: 0}
    - target: {fileID: 5375632780603606618, guid: 860ee14e3bc9995418f258e7421b29d5, type: 3}
      propertyPath: m_Color.g
      value: 1
      objectReference: {fileID: 0}
    - target: {fileID: 5375632780603606618, guid: 860ee14e3bc9995418f258e7421b29d5, type: 3}
      propertyPath: m_Color.b
      value: 1
      objectReference: {fileID: 0}
    - target: {fileID: 5375632780603606618, guid: 860ee14e3bc9995418f258e7421b29d5, type: 3}
      propertyPath: m_Materials.Array.data[0]
      value: 
      objectReference: {fileID: 2100000, guid: a97c105638bdf8b4a8650670310a4cd3, type: 2}
    - target: {fileID: 5375632780603606618, guid: 860ee14e3bc9995418f258e7421b29d5, type: 3}
      propertyPath: m_Sprite
      value: 
      objectReference: {fileID: 21300000, guid: 15300d8188a228a48910f93060f562fb, type: 3}
    - target: {fileID: 5375632780603606618, guid: 860ee14e3bc9995418f258e7421b29d5, type: 3}
      propertyPath: m_DrawMode
      value: 2
      objectReference: {fileID: 0}
    - target: {fileID: 5375632780603606618, guid: 860ee14e3bc9995418f258e7421b29d5, type: 3}
      propertyPath: m_FlipX
      value: 0
      objectReference: {fileID: 0}
    - target: {fileID: 5375632780603606618, guid: 860ee14e3bc9995418f258e7421b29d5, type: 3}
      propertyPath: m_Size.x
      value: 1
      objectReference: {fileID: 0}
    - target: {fileID: 5375632780603606618, guid: 860ee14e3bc9995418f258e7421b29d5, type: 3}
      propertyPath: m_Size.y
      value: 1
      objectReference: {fileID: 0}
    - target: {fileID: 5375632780603606618, guid: 860ee14e3bc9995418f258e7421b29d5, type: 3}
      propertyPath: m_SpriteTileMode
      value: 1
      objectReference: {fileID: 0}
    - target: {fileID: 5375632780603606619, guid: 860ee14e3bc9995418f258e7421b29d5, type: 3}
      propertyPath: m_LocalPosition.x
      value: 3.4507403
      objectReference: {fileID: 0}
    - target: {fileID: 5375632780603606619, guid: 860ee14e3bc9995418f258e7421b29d5, type: 3}
      propertyPath: m_LocalPosition.y
      value: 0
      objectReference: {fileID: 0}
    - target: {fileID: 5375632780603606619, guid: 860ee14e3bc9995418f258e7421b29d5, type: 3}
      propertyPath: m_LocalPosition.z
      value: 2.071376
      objectReference: {fileID: 0}
    - target: {fileID: 5375632780603606619, guid: 860ee14e3bc9995418f258e7421b29d5, type: 3}
      propertyPath: m_LocalRotation.x
      value: -0
      objectReference: {fileID: 0}
    - target: {fileID: 5375632780603606619, guid: 860ee14e3bc9995418f258e7421b29d5, type: 3}
      propertyPath: m_LocalRotation.y
      value: -0
      objectReference: {fileID: 0}
    - target: {fileID: 5375632780603606619, guid: 860ee14e3bc9995418f258e7421b29d5, type: 3}
      propertyPath: m_LocalRotation.z
      value: -0
      objectReference: {fileID: 0}
    - target: {fileID: 5375632780603606619, guid: 860ee14e3bc9995418f258e7421b29d5, type: 3}
      propertyPath: m_LocalRotation.w
      value: 1
      objectReference: {fileID: 0}
    - target: {fileID: 5375632780603606619, guid: 860ee14e3bc9995418f258e7421b29d5, type: 3}
      propertyPath: m_RootOrder
      value: 1
      objectReference: {fileID: 0}
    - target: {fileID: 5375632780603606619, guid: 860ee14e3bc9995418f258e7421b29d5, type: 3}
      propertyPath: m_LocalEulerAnglesHint.x
      value: 0
      objectReference: {fileID: 0}
    - target: {fileID: 5375632780603606619, guid: 860ee14e3bc9995418f258e7421b29d5, type: 3}
      propertyPath: m_LocalEulerAnglesHint.y
      value: 0
      objectReference: {fileID: 0}
    - target: {fileID: 5375632780603606619, guid: 860ee14e3bc9995418f258e7421b29d5, type: 3}
      propertyPath: m_LocalEulerAnglesHint.z
      value: 0
      objectReference: {fileID: 0}
    - target: {fileID: 5375632780603606619, guid: 860ee14e3bc9995418f258e7421b29d5, type: 3}
      propertyPath: m_LocalScale.x
      value: 1
      objectReference: {fileID: 0}
    - target: {fileID: 5375632780603606619, guid: 860ee14e3bc9995418f258e7421b29d5, type: 3}
      propertyPath: m_LocalScale.y
      value: 1
      objectReference: {fileID: 0}
    m_RemovedComponents: []
  m_SourcePrefab: {fileID: 100100000, guid: 860ee14e3bc9995418f258e7421b29d5, type: 3}
--- !u!4 &1812119653 stripped
Transform:
  m_CorrespondingSourceObject: {fileID: 5375632780603606619, guid: 860ee14e3bc9995418f258e7421b29d5, type: 3}
  m_PrefabInstance: {fileID: 1812119652}
  m_PrefabAsset: {fileID: 0}
--- !u!1 &2022065341
GameObject:
  m_ObjectHideFlags: 0
  m_CorrespondingSourceObject: {fileID: 0}
  m_PrefabInstance: {fileID: 0}
  m_PrefabAsset: {fileID: 0}
  serializedVersion: 6
  m_Component:
  - component: {fileID: 2022065342}
  - component: {fileID: 2022065343}
  m_Layer: 9
  m_Name: Point Light 2D
  m_TagString: Untagged
  m_Icon: {fileID: 0}
  m_NavMeshLayer: 0
  m_StaticEditorFlags: 4294967295
  m_IsActive: 1
--- !u!4 &2022065342
Transform:
  m_ObjectHideFlags: 0
  m_CorrespondingSourceObject: {fileID: 0}
  m_PrefabInstance: {fileID: 0}
  m_PrefabAsset: {fileID: 0}
  m_GameObject: {fileID: 2022065341}
  m_LocalRotation: {x: 0, y: 0, z: 0, w: 1}
  m_LocalPosition: {x: 4.06, y: 0.835, z: 0}
  m_LocalScale: {x: 1, y: 1, z: 1}
  m_Children: []
  m_Father: {fileID: 1235168832}
  m_RootOrder: 3
  m_LocalEulerAnglesHint: {x: 0, y: 0, z: 0}
--- !u!114 &2022065343
MonoBehaviour:
  m_ObjectHideFlags: 0
  m_CorrespondingSourceObject: {fileID: 0}
  m_PrefabInstance: {fileID: 0}
  m_PrefabAsset: {fileID: 0}
  m_GameObject: {fileID: 2022065341}
  m_Enabled: 1
  m_EditorHideFlags: 0
  m_Script: {fileID: 11500000, guid: 073797afb82c5a1438f328866b10b3f0, type: 3}
  m_Name: 
  m_EditorClassIdentifier: 
  m_LightType: 3
  m_BlendStyleIndex: 0
  m_FalloffIntensity: 0.5
  m_Color: {r: 1, g: 0.2576002, b: 0, a: 1}
  m_Intensity: 1
  m_LightVolumeOpacity: 0
  m_ApplyToSortingLayers: 00000000
  m_LightCookieSprite: {fileID: 0}
  m_UseNormalMap: 0
  m_LightOrder: 0
  m_AlphaBlendOnOverlap: 0
  m_ShadowIntensity: 0
  m_ShadowVolumeIntensity: 0
  m_PointLightInnerAngle: 360
  m_PointLightOuterAngle: 360
  m_PointLightInnerRadius: 0.1
  m_PointLightOuterRadius: 0.76
  m_PointLightDistance: 3
  m_PointLightQuality: 1
  m_ShapeLightParametricSides: 5
  m_ShapeLightParametricAngleOffset: 0
  m_ShapeLightParametricRadius: 1
  m_ShapeLightFalloffSize: 0.5
  m_ShapeLightFalloffOffset: {x: 0, y: 0}
  m_ShapePath:
  - {x: -0.5, y: -0.5, z: 0}
  - {x: 0.5, y: -0.5, z: 0}
  - {x: 0.5, y: 0.5, z: 0}
  - {x: -0.5, y: 0.5, z: 0}
--- !u!1 &2136427840
GameObject:
  m_ObjectHideFlags: 0
  m_CorrespondingSourceObject: {fileID: 0}
  m_PrefabInstance: {fileID: 0}
  m_PrefabAsset: {fileID: 0}
  serializedVersion: 6
  m_Component:
  - component: {fileID: 2136427842}
  - component: {fileID: 2136427841}
  m_Layer: 0
  m_Name: Global Light 2D
  m_TagString: Untagged
  m_Icon: {fileID: 0}
  m_NavMeshLayer: 0
  m_StaticEditorFlags: 0
  m_IsActive: 1
--- !u!114 &2136427841
MonoBehaviour:
  m_ObjectHideFlags: 0
  m_CorrespondingSourceObject: {fileID: 0}
  m_PrefabInstance: {fileID: 0}
  m_PrefabAsset: {fileID: 0}
  m_GameObject: {fileID: 2136427840}
  m_Enabled: 1
  m_EditorHideFlags: 0
  m_Script: {fileID: 11500000, guid: 073797afb82c5a1438f328866b10b3f0, type: 3}
  m_Name: 
  m_EditorClassIdentifier: 
  m_LightType: 4
  m_BlendStyleIndex: 0
  m_FalloffIntensity: 0.5
  m_Color: {r: 1, g: 0.9423523, b: 0.84313726, a: 1}
  m_Intensity: 0.2
  m_LightVolumeOpacity: 0
  m_ApplyToSortingLayers: 00000000
  m_LightCookieSprite: {fileID: 0}
  m_UseNormalMap: 0
  m_LightOrder: 0
  m_AlphaBlendOnOverlap: 0
  m_ShadowIntensity: 0
  m_ShadowVolumeIntensity: 0
  m_PointLightInnerAngle: 360
  m_PointLightOuterAngle: 360
  m_PointLightInnerRadius: 0
  m_PointLightOuterRadius: 1
  m_PointLightDistance: 3
  m_PointLightQuality: 1
  m_ShapeLightParametricSides: 5
  m_ShapeLightParametricAngleOffset: 0
  m_ShapeLightParametricRadius: 1
  m_ShapeLightFalloffSize: 0.5
  m_ShapeLightFalloffOffset: {x: 0, y: 0}
  m_ShapePath:
  - {x: -0.5, y: -0.5, z: 0}
  - {x: 0.5, y: -0.5, z: 0}
  - {x: 0.5, y: 0.5, z: 0}
  - {x: -0.5, y: 0.5, z: 0}
--- !u!4 &2136427842
Transform:
  m_ObjectHideFlags: 0
  m_CorrespondingSourceObject: {fileID: 0}
  m_PrefabInstance: {fileID: 0}
  m_PrefabAsset: {fileID: 0}
  m_GameObject: {fileID: 2136427840}
  m_LocalRotation: {x: 0, y: 0, z: 0, w: 1}
  m_LocalPosition: {x: 0, y: 0, z: 0}
  m_LocalScale: {x: 1, y: 1, z: 1}
  m_Children: []
  m_Father: {fileID: 0}
  m_RootOrder: 0
  m_LocalEulerAnglesHint: {x: 0, y: 0, z: 0}
--- !u!1001 &5375632780622514560
PrefabInstance:
  m_ObjectHideFlags: 0
  serializedVersion: 2
  m_Modification:
    m_TransformParent: {fileID: 1235168832}
    m_Modifications:
    - target: {fileID: 2008268864702209313, guid: 860ee14e3bc9995418f258e7421b29d5, type: 3}
      propertyPath: m_SpriteTilingProperty.oldSize.x
      value: 0.32
      objectReference: {fileID: 0}
    - target: {fileID: 2008268864702209313, guid: 860ee14e3bc9995418f258e7421b29d5, type: 3}
      propertyPath: m_SpriteTilingProperty.oldSize.y
      value: 0.32
      objectReference: {fileID: 0}
    - target: {fileID: 2008268864702209313, guid: 860ee14e3bc9995418f258e7421b29d5, type: 3}
      propertyPath: m_SpriteTilingProperty.newSize.x
      value: 1
      objectReference: {fileID: 0}
    - target: {fileID: 2008268864702209313, guid: 860ee14e3bc9995418f258e7421b29d5, type: 3}
      propertyPath: m_SpriteTilingProperty.newSize.y
      value: 1
      objectReference: {fileID: 0}
    - target: {fileID: 2008268864702209313, guid: 860ee14e3bc9995418f258e7421b29d5, type: 3}
      propertyPath: m_SpriteTilingProperty.drawMode
      value: 2
      objectReference: {fileID: 0}
    - target: {fileID: 2008268864702209313, guid: 860ee14e3bc9995418f258e7421b29d5, type: 3}
      propertyPath: m_SpriteTilingProperty.adaptiveTiling
      value: 1
      objectReference: {fileID: 0}
    - target: {fileID: 5375632780603606617, guid: 860ee14e3bc9995418f258e7421b29d5, type: 3}
      propertyPath: m_Name
      value: TestPlatform
      objectReference: {fileID: 0}
    - target: {fileID: 5375632780603606617, guid: 860ee14e3bc9995418f258e7421b29d5, type: 3}
      propertyPath: m_StaticEditorFlags
      value: 4294967295
      objectReference: {fileID: 0}
    - target: {fileID: 5375632780603606617, guid: 860ee14e3bc9995418f258e7421b29d5, type: 3}
      propertyPath: m_Layer
      value: 9
      objectReference: {fileID: 0}
    - target: {fileID: 5375632780603606618, guid: 860ee14e3bc9995418f258e7421b29d5, type: 3}
      propertyPath: m_Color.r
      value: 1
      objectReference: {fileID: 0}
    - target: {fileID: 5375632780603606618, guid: 860ee14e3bc9995418f258e7421b29d5, type: 3}
      propertyPath: m_Color.g
      value: 1
      objectReference: {fileID: 0}
    - target: {fileID: 5375632780603606618, guid: 860ee14e3bc9995418f258e7421b29d5, type: 3}
      propertyPath: m_Color.b
      value: 1
      objectReference: {fileID: 0}
    - target: {fileID: 5375632780603606618, guid: 860ee14e3bc9995418f258e7421b29d5, type: 3}
      propertyPath: m_Materials.Array.data[0]
      value: 
      objectReference: {fileID: 2100000, guid: a97c105638bdf8b4a8650670310a4cd3, type: 2}
    - target: {fileID: 5375632780603606618, guid: 860ee14e3bc9995418f258e7421b29d5, type: 3}
      propertyPath: m_Sprite
      value: 
      objectReference: {fileID: 21300000, guid: 15300d8188a228a48910f93060f562fb, type: 3}
    - target: {fileID: 5375632780603606618, guid: 860ee14e3bc9995418f258e7421b29d5, type: 3}
      propertyPath: m_DrawMode
      value: 2
      objectReference: {fileID: 0}
    - target: {fileID: 5375632780603606618, guid: 860ee14e3bc9995418f258e7421b29d5, type: 3}
      propertyPath: m_FlipX
      value: 0
      objectReference: {fileID: 0}
    - target: {fileID: 5375632780603606618, guid: 860ee14e3bc9995418f258e7421b29d5, type: 3}
      propertyPath: m_Size.x
      value: 1
      objectReference: {fileID: 0}
    - target: {fileID: 5375632780603606618, guid: 860ee14e3bc9995418f258e7421b29d5, type: 3}
      propertyPath: m_Size.y
      value: 1
      objectReference: {fileID: 0}
    - target: {fileID: 5375632780603606618, guid: 860ee14e3bc9995418f258e7421b29d5, type: 3}
      propertyPath: m_SpriteTileMode
      value: 1
      objectReference: {fileID: 0}
    - target: {fileID: 5375632780603606619, guid: 860ee14e3bc9995418f258e7421b29d5, type: 3}
      propertyPath: m_LocalPosition.x
      value: 2.4507403
      objectReference: {fileID: 0}
    - target: {fileID: 5375632780603606619, guid: 860ee14e3bc9995418f258e7421b29d5, type: 3}
      propertyPath: m_LocalPosition.y
      value: 0
      objectReference: {fileID: 0}
    - target: {fileID: 5375632780603606619, guid: 860ee14e3bc9995418f258e7421b29d5, type: 3}
      propertyPath: m_LocalPosition.z
      value: 2.071376
      objectReference: {fileID: 0}
    - target: {fileID: 5375632780603606619, guid: 860ee14e3bc9995418f258e7421b29d5, type: 3}
      propertyPath: m_LocalRotation.x
      value: -0
      objectReference: {fileID: 0}
    - target: {fileID: 5375632780603606619, guid: 860ee14e3bc9995418f258e7421b29d5, type: 3}
      propertyPath: m_LocalRotation.y
      value: -0
      objectReference: {fileID: 0}
    - target: {fileID: 5375632780603606619, guid: 860ee14e3bc9995418f258e7421b29d5, type: 3}
      propertyPath: m_LocalRotation.z
      value: -0
      objectReference: {fileID: 0}
    - target: {fileID: 5375632780603606619, guid: 860ee14e3bc9995418f258e7421b29d5, type: 3}
      propertyPath: m_LocalRotation.w
      value: 1
      objectReference: {fileID: 0}
    - target: {fileID: 5375632780603606619, guid: 860ee14e3bc9995418f258e7421b29d5, type: 3}
      propertyPath: m_RootOrder
      value: 0
      objectReference: {fileID: 0}
    - target: {fileID: 5375632780603606619, guid: 860ee14e3bc9995418f258e7421b29d5, type: 3}
      propertyPath: m_LocalEulerAnglesHint.x
      value: 0
      objectReference: {fileID: 0}
    - target: {fileID: 5375632780603606619, guid: 860ee14e3bc9995418f258e7421b29d5, type: 3}
      propertyPath: m_LocalEulerAnglesHint.y
      value: 0
      objectReference: {fileID: 0}
    - target: {fileID: 5375632780603606619, guid: 860ee14e3bc9995418f258e7421b29d5, type: 3}
      propertyPath: m_LocalEulerAnglesHint.z
      value: 0
      objectReference: {fileID: 0}
    - target: {fileID: 5375632780603606619, guid: 860ee14e3bc9995418f258e7421b29d5, type: 3}
      propertyPath: m_LocalScale.x
      value: 1
      objectReference: {fileID: 0}
    - target: {fileID: 5375632780603606619, guid: 860ee14e3bc9995418f258e7421b29d5, type: 3}
      propertyPath: m_LocalScale.y
      value: 1
      objectReference: {fileID: 0}
    m_RemovedComponents: []
  m_SourcePrefab: {fileID: 100100000, guid: 860ee14e3bc9995418f258e7421b29d5, type: 3}
--- !u!1001 &8514035840845556475
PrefabInstance:
  m_ObjectHideFlags: 0
  serializedVersion: 2
  m_Modification:
    m_TransformParent: {fileID: 0}
    m_Modifications:
    - target: {fileID: 8514035839601659274, guid: 56ee6f6407afc714d9e615c29edf4f76, type: 3}
      propertyPath: m_LocalPosition.x
      value: 0
      objectReference: {fileID: 0}
    - target: {fileID: 8514035839601659274, guid: 56ee6f6407afc714d9e615c29edf4f76, type: 3}
      propertyPath: m_LocalPosition.y
      value: -1.93
      objectReference: {fileID: 0}
    - target: {fileID: 8514035839601659274, guid: 56ee6f6407afc714d9e615c29edf4f76, type: 3}
      propertyPath: m_LocalPosition.z
      value: 0
      objectReference: {fileID: 0}
    - target: {fileID: 8514035839601659274, guid: 56ee6f6407afc714d9e615c29edf4f76, type: 3}
      propertyPath: m_LocalRotation.x
      value: 0
      objectReference: {fileID: 0}
    - target: {fileID: 8514035839601659274, guid: 56ee6f6407afc714d9e615c29edf4f76, type: 3}
      propertyPath: m_LocalRotation.y
      value: 0
      objectReference: {fileID: 0}
    - target: {fileID: 8514035839601659274, guid: 56ee6f6407afc714d9e615c29edf4f76, type: 3}
      propertyPath: m_LocalRotation.z
      value: 0
      objectReference: {fileID: 0}
    - target: {fileID: 8514035839601659274, guid: 56ee6f6407afc714d9e615c29edf4f76, type: 3}
      propertyPath: m_LocalRotation.w
      value: 1
      objectReference: {fileID: 0}
    - target: {fileID: 8514035839601659274, guid: 56ee6f6407afc714d9e615c29edf4f76, type: 3}
      propertyPath: m_RootOrder
      value: 1
      objectReference: {fileID: 0}
    - target: {fileID: 8514035839601659274, guid: 56ee6f6407afc714d9e615c29edf4f76, type: 3}
      propertyPath: m_LocalEulerAnglesHint.x
      value: 0
      objectReference: {fileID: 0}
    - target: {fileID: 8514035839601659274, guid: 56ee6f6407afc714d9e615c29edf4f76, type: 3}
      propertyPath: m_LocalEulerAnglesHint.y
      value: 0
      objectReference: {fileID: 0}
    - target: {fileID: 8514035839601659274, guid: 56ee6f6407afc714d9e615c29edf4f76, type: 3}
      propertyPath: m_LocalEulerAnglesHint.z
      value: 0
      objectReference: {fileID: 0}
    - target: {fileID: 8514035839601659284, guid: 56ee6f6407afc714d9e615c29edf4f76, type: 3}
      propertyPath: m_Name
      value: Player
      objectReference: {fileID: 0}
    m_RemovedComponents: []
  m_SourcePrefab: {fileID: 100100000, guid: 56ee6f6407afc714d9e615c29edf4f76, type: 3}
